
%%%%%%%%%%%%%%%%%%%%%%%%%%%%%%%%%%%%%%%%%%%%%
%% general semiring theory
%%%%%%%%%%%%%%%%%%%%%%%%%%%%%%%%%%%%%%%%%%%%%

@article{martelli:76, 
        author = {Alberto Martelli},
        title = "A Gaussian elimination algorithm for the enumeration of cut sets in a graph", 
        volume = 23,
        number = 1,
        journal = "Journal of the ACM",
        pages = "58--73",
        year = 1976
}

@article{backhouse:carre:75,
	title = {Regular algebra applied to path-finding problems}, 
	author = {R.C. Backhouse and B.A. Carr{\'e}}, 
	journal = {J. Inst. Math. Appl.},
	volume = {15},
	pages = {161--18},
	year = {1975}
}

@article{lehmann:77, 
        author = {Daniel Lehmann},
        title = "Algebraic structures for transitive closure", 
        volume = 4,
        journal = "Theoretical Computer Science",
        pages = "57--66",
        year = 1977
}

@article{Wongseelashote79,
	title = {Semirings and path spaces},
	author = {Wongseelashote, Ahnont},
	journal = {Discrete Mathematics},
	volume = {26},
	number = {1},
	pages = {55--78},
	year = {1979}
}

@book{carre:79,
	author = "Bernard Carr\'{e}",
	title = "Graphs and Networks",
	publisher = "Oxford University Press",
	year = 1979
}

@incollection {rote:90,
        author = {G{\"u}nter Rote},
        title = "Path Problems in Graphs", 
        pages ="155--189",
        year = "1990",
        publisher = "Springer-Verlag",
        booktitle = "Computational Graph Theory",
        editor =  "G. Tinhofer and  E. Mayr and H. Noltemeier and M. Syslo"
   }


@article{mohri:2002, 
 author = {Mehryar Mohri},
 title = {Semiring frameworks and algorithms for shortest-distance problems},
 journal = {J. Autom. Lang. Comb.},
 volume = {7},
 number = {3},
 year = {2002},
 issn = {1430-189X},
 pages = {321--350},
 publisher = {Otto-von-Guericke-Universitat},
 address = {Magdeburg, Germany, Germany},
 }


@book{gondran2008,
author = {Gondran, Michel and Minoux, Michel},
publisher = {Springer},
title = {{Graphs, Dioids and Semirings : New Models and Algorithms}},
year = {2008}
}

%%%%%%%%%%%%%%%%%%%%%%%%%%%%%%%%%%%%%%%%%%%%%
%% semirings for network routing 
%%%%%%%%%%%%%%%%%%%%%%%%%%%%%%%%%%%%%%%%%%%%%

@article{sobrinho:02,
	author = "Joao Luis Sobrinho",
	title = "Algebra and algorithms for {QoS} path computation and hop-by-hop",
	journal = "{IEEE/ACM} Transactions on Networking", 
	volume = 10,
	number = 4,
	pages = "541--550",
	month = AUG,
	year = 2002
}

@article{baras2010,
  title={Path problems in networks},
  author={Baras, John S and Theodorakopoulos, George},
  journal={Synthesis Lectures on Communication Networks},
  volume={3},
  number={1},
  pages={1--77},
  year={2010},
  publisher={Morgan \& Claypool Publishers}
}

@article{Sobrinho2020,
  title={Routing on Multiple Optimality Criteria},
  author={Sobrinho, Jo{\"a}o Lu{\'\i}s and Ferreira, Miguel Alves},
  journal="Proc. IEEE INFOCOM", 
  year={2020},
  publisher={ACM}
}


%%%%%%%%%%%%%%%%%%%%%%%%%%%%%%%%%%%%%%%%%%%%%
%% beyond semirings and network routing 
%%%%%%%%%%%%%%%%%%%%%%%%%%%%%%%%%%%%%%%%%%%%%

@inproceedings{griffin:01,	
        author = "Timothy G. Griffin and Lixin Gao and Jennifer Rexford",
	title = "Inherently Safe Backup Routing with {BGP}",
	booktitle = "Proc. IEEE INFOCOM",
	year = 2001
}

@inproceedings{sobrinho:03a,
	author = "Joao Luis Sobrinho",
	title = "Network Routing with Path Vector Protocols: Theory and Applications",
	booktitle = "Proc. ACM SIGCOMM",
	year = 2003
}

@article{sobrinho05,
	author = "Joao Luis Sobrinho",
	title = "An Algebraic Theory of Dynamic Network Routing",
	journal = "{IEEE/ACM} Transactions on Networking", 
	volume = 13,
	number = 5,
	pages = "1160--1173",
	month = OCT,
	year = 2005
}

@article{griffin05metarouting,
  title={Metarouting},
  author={Griffin, Timothy G and Sobrinho, Jo{\"a}o Lu{\'\i}s},
  journal = "Proc. ACM SIGCOMM",
  year={2005}
}

@inproceedings{gurney:griffin:07,
	author = {Alexander Gurney and Timothy G. Griffin},
	title = "Lexicographic products in metarouting",
	booktitle = "Proc. Inter. Conf. on Network Protocols (ICNP)",
	year = 2007
}

@InProceedings{gurney:griffin:08,
author="Griffin, Timothy G.
and Gurney, Alexander J. T.",
editor="Berghammer, Rudolf
and M{\"o}ller, Bernhard
and Struth, Georg",
title="Increasing Bisemigroups and Algebraic Routing",
booktitle="Relations and Kleene Algebra in Computer Science",
year="2008",
publisher="Springer Berlin Heidelberg",
address="Berlin, Heidelberg",
pages="123--137"
}



%%%%%%%%%%%%%%%%%%%%%%%%%%%%%%%%%%%%%%%%%%%%%
%% Multi-objective optimization 
%%%%%%%%%%%%%%%%%%%%%%%%%%%%%%%%%%%%%%%%%%%%%

@article{Garroppo2010,
title = {A survey on multi-constrained optimal path computation: Exact and approximate algorithms},
journal = {Computer Networks},
volume = {54},
number = {17},
pages = {3081-3107},
year = {2010},
author = {Rosario G. Garroppo and Stefano Giordano and Luca Tavanti}
}

@INPROCEEDINGS{Guo2012,
  author={Y. {Guo} and T. {Dong} and N. {Chen} and Z. {Li} and X. {Fang}},
  booktitle={2012 11th International Symposium on Distributed Computing and Applications to Business, Engineering   Science}, 
  title={A Routing Algorithm of Multiple Objective GA Based on Pareto Optimality}, 
  year={2012},
  pages={125-129},
}

@article{Martins1984,
title = {On a multicriteria shortest path problem},
journal = {European Journal of Operational Research},
volume = {16},
number = {2},
pages = {236-245},
year = {1984},
author = {Ernesto Queirós Vieira Martins}
}


@INPROCEEDINGS{Yuan1999,
  author={ {Xin Yuan}},
  booktitle={Proceedings Eight International Conference on Computer Communications and Networks (Cat. No.99EX370)}, 
  title={On the extended Bellman-Ford algorithm to solve two-constrained quality of service routing problems}, 
  year={1999},
  pages={304-310},
}

@INPROCEEDINGS{Chen1998, 
author={Shigang Chen and Nahrstedt, K.}, 
booktitle={Communications, 1998. ICC 98. Conference Record. 1998 IEEE International Conference on}, 
title={On finding multi-constrained paths}, 
year={1998}, 
volume={2}, 
pages={874--879}, 
}

%%%%%%%%%%%%%%%%%%%%%%%%%%%%%%%%%%%%%%%%%%%%%
%% strong negation 
%%%%%%%%%%%%%%%%%%%%%%%%%%%%%%%%%%%%%%%%%%%%%

@article{nelson:1949, 
	title = "Constructible Falsity", 
	author = "David Nelson",
        journal = "Journal of Symbolic Logic",
        year = "1949",
	volume = "14",
	number = "1"
	}

@article{gurevich:1977, 
	title = "Intuitionistic Logic with Strong Negation", 
	author = "Yuri Gurevich",
        journal = "Studia Logica",
        year = "1977",		
	volume = "36",
	number = "1/2"
	}	

%%%%%%%%%%%%%%%%%%%%%%%%%%%%%%%%%%%%%%%%%%%%%
%% related work 
%%%%%%%%%%%%%%%%%%%%%%%%%%%%%%%%%%%%%%%%%%%%%

@online{coq:web, 
title = {The Coq theorem prover},
author= "INRIA",
url   = {https://coq.inria.fr},
year = 2023
}

@online{ocaml:web, 
title = {The OCaml programming language},
author= "INRIA",
url   = {https://ocaml.org},
year = 2023
}


@online{RoDiOpt,
title = "Efficient algorithms for robust discrete optimization (RoDiOpt)",
author= "Robert Manger",
url   = {http://hrzz-rodiopt.math.pmf.unizg.hr},
year  = {2020}
}

@article{manger:2020, 
	title = "An algebraic framework for mult-objective and robust variants of path problems", 
	author = "Robert Manger",
        journal = "Glasnik Matematicki",
        year = "2020",		
	volume = "55",
	number = "75",
        pages ="143 – 176"
	}	

@misc{anon:reductions, 
title = {On the composition of semigroup and semiring reductions},
author= "Anonymous",
year = "2023",		
note = "To appear on the arXiv" 
}


@misc{anon:martelli, 
title = {Generalizing Martelli's semiring to compute shared risk groups},
author= "Anonymous",
year = "2023",		
note = "To appear on the arXiv" 
}

%%%%%%%%%%%%%%%%%%%%%%%%%%%%%%%%%%%%%%%%%%%%%
%% future 
%%%%%%%%%%%%%%%%%%%%%%%%%%%%%%%%%%%%%%%%%%%%%

@InProceedings{Mohan:2021, 
author="Mohan, Anshuman
and Leow, Wei Xiang
and Hobor, Aquinas",
editor="Silva, Alexandra
and Leino, K. Rustan M.",
title="Functional Correctness of C Implementations of Dijkstra's, Kruskal's, and Prim's Algorithms",
booktitle="Computer Aided Verification",
year="2021",
publisher="Springer International Publishing",
pages="801--826"
}

@internet{vst:web, 
title = "Verified Software Toolchain (VST)",
author= "Team, VST",
url = {https://vst.cs.princeton.edu}, 
year = 2023
}

@internet{quagga:web, 
title = "Quagga Routing Suite",
author= "Team, Quagga",
url = {https://www.nongnu.org/quagga}, 
year = 2023
}

@internet{bird:web, 
title = "The BIRD Internet Routing Daemon",
author= "Team, Bird",
url = {https://bird.network.cz}, 
year = 2023
}
